<?xml version="1.0" encoding="UTF-8"?><record xmlns="http://www.loc.gov/MARC21/slim" xmlns:cinclude="http://apache.org/cocoon/include/1.0" xmlns:zs="http://www.loc.gov/zing/srw/">
  <leader>00412cz  a2200121n  4500</leader>
  <controlfield tag="001">n  94028710 </controlfield>
  <controlfield tag="003">DLC</controlfield>
  <controlfield tag="005">19940324095621.8</controlfield>
  <controlfield tag="008">940324n| acannaab|          |n aaa |||  </controlfield>
  <datafield tag="010" ind1=" " ind2=" ">
    <subfield code="a">n  94028710 </subfield>
  </datafield>
  <datafield tag="040" ind1=" " ind2=" ">
    <subfield code="a">DLC</subfield>
    <subfield code="c">DLC</subfield>
    <subfield code="d">DLC</subfield>
  </datafield>
  <datafield tag="100" ind1="1" ind2="0">
    <subfield code="a">Tuma, Laura,</subfield>
    <subfield code="d">1957-</subfield>
  </datafield>
  <datafield tag="670" ind1=" " ind2=" ">
    <subfield code="a">Austin, c1994:</subfield>
    <subfield code="b">CIP t.p. (Laura Tuma) data sheet (Laura Kay Tuma; b. 10-01-57) auth. fact sheet (free-lance writer, editor, and teacher in Austin area)</subfield>
  </datafield>
</record>